<?xml version="1.0" encoding="UTF-8"?><collection xmlns="http://www.loc.gov/MARC21/slim"><record><leader>00645nam--2200193-i-4500</leader><controlfield tag="001">000007409</controlfield><controlfield tag="002">20161230</controlfield><controlfield tag="005">20161230201027</controlfield><controlfield tag="008">060222s1000------------r-----000-0-rum-d</controlfield><datafield ind1=" " ind2=" " tag="040"><subfield code="a">IFIN-HH</subfield></datafield><datafield ind1=" " ind2=" " tag="041"><subfield code="a">rum</subfield></datafield><datafield ind1=" " ind2=" " tag="080"><subfield code="a">539.14.01</subfield></datafield><datafield ind1="1" ind2=" " tag="100"><subfield code="a">Brandus, I./S.A.</subfield></datafield><datafield ind1="1" ind2="0" tag="245"><subfield code="a">Structura nucleului</subfield><subfield code="b">Baze matematice si modele nucleare; scoala de toamna de teoria nucleului, bucuresti, 30 septembrie - 13 octombrie 1964</subfield><subfield code="c">I. brandus, a. corciovei, m. iosifescu, a. sandulescu</subfield></datafield><datafield ind1=" " ind2=" " tag="260"><subfield code="a">Bucuresti</subfield><subfield code="b">Institutul De Fizica Atomica</subfield><subfield code="c">1965</subfield></datafield><datafield ind1=" " ind2=" " tag="300"><subfield code="a">286 P</subfield></datafield><datafield ind1="1" ind2=" " tag="700"><subfield code="a">Sandulescu, A</subfield></datafield><datafield ind1=" " ind2=" " tag="852"><subfield code="a">22492</subfield><subfield code="c">539.14</subfield></datafield><datafield ind1=" " ind2=" " tag="CAT"><subfield code="a">Sys</subfield><subfield code="c">20120323</subfield><subfield code="h">134408</subfield></datafield></record></collection>